@MANUAL{metodos,
        title = {Metodos de distancia y Pruebas de bootsrap},
        author = {Pablo Vinuesa},
        organization = {Centro de ciencias Genòmicas, UNAM},
        adress = {A,v universidad s/n, Col chailpa, C.P 62210, Cuernavaca, Mexicol},
		edition = {1},
		month = {NOV},
		year = {2007}}
		
@ARTICLE{intro1,
        author = {Xiao-Yan Yang and Jie Lu and Xuesong Sun and Qing-Yu He},
        year = {2012},
        title = {Application of subproteomics in the characterization of Gram-positive bacteria},
        journal = {Journal of Proteomics},
		volume = {75},
		number = {10},
		pages = {8},
		month = {June}}

@ARTICLE{intro2,
        author = {Sonia Paradis and Maurice Boissinot and Nancy Paquette and Simon Bélanger and Eric Martel and Dominique Bourdreau},
        year = {2005},
        title = {Phylogeny of the Enterobacteriaceae based on genes enconding elongation factor Tu and F-ATPase beta-subunit},
        journal = {International Journal of Systematic and Evolutionary Microbiology},
		volume = {10},
		number = {10},
		month = {feb}}
		
@MANUAL{guia,
        title = {Guía },
        author = {},
        organization = {Universidad de los Andes},
        adress = {Colombia},
		edition = {1},
		month = {NOV},
		year = {2007}}
		
